%YAML 1.1
%TAG !u! tag:unity3d.com,2011:
--- !u!29 &1
OcclusionCullingSettings:
  m_ObjectHideFlags: 0
  serializedVersion: 2
  m_OcclusionBakeSettings:
    smallestOccluder: 5
    smallestHole: 0.25
    backfaceThreshold: 100
  m_SceneGUID: 00000000000000000000000000000000
  m_OcclusionCullingData: {fileID: 0}
--- !u!104 &2
RenderSettings:
  m_ObjectHideFlags: 0
  serializedVersion: 9
  m_Fog: 0
  m_FogColor: {r: 0.5, g: 0.5, b: 0.5, a: 1}
  m_FogMode: 3
  m_FogDensity: 0.01
  m_LinearFogStart: 0
  m_LinearFogEnd: 300
  m_AmbientSkyColor: {r: 0.212, g: 0.227, b: 0.259, a: 1}
  m_AmbientEquatorColor: {r: 0.114, g: 0.125, b: 0.133, a: 1}
  m_AmbientGroundColor: {r: 0.047, g: 0.043, b: 0.035, a: 1}
  m_AmbientIntensity: 1
  m_AmbientMode: 0
  m_SubtractiveShadowColor: {r: 0.42, g: 0.478, b: 0.627, a: 1}
  m_SkyboxMaterial: {fileID: 2100000, guid: 2bd8959f5fbd3644aa33af1a155fc147, type: 2}
  m_HaloStrength: 0.5
  m_FlareStrength: 1
  m_FlareFadeSpeed: 3
  m_HaloTexture: {fileID: 0}
  m_SpotCookie: {fileID: 10001, guid: 0000000000000000e000000000000000, type: 0}
  m_DefaultReflectionMode: 0
  m_DefaultReflectionResolution: 128
  m_ReflectionBounces: 1
  m_ReflectionIntensity: 1
  m_CustomReflection: {fileID: 0}
  m_Sun: {fileID: 0}
  m_IndirectSpecularColor: {r: 0, g: 0, b: 0, a: 1}
  m_UseRadianceAmbientProbe: 0
--- !u!157 &3
LightmapSettings:
  m_ObjectHideFlags: 0
  serializedVersion: 11
  m_GIWorkflowMode: 1
  m_GISettings:
    serializedVersion: 2
    m_BounceScale: 1
    m_IndirectOutputScale: 1
    m_AlbedoBoost: 1
    m_EnvironmentLightingMode: 0
    m_EnableBakedLightmaps: 1
    m_EnableRealtimeLightmaps: 1
  m_LightmapEditorSettings:
    serializedVersion: 12
    m_Resolution: 2
    m_BakeResolution: 40
    m_AtlasSize: 1024
    m_AO: 0
    m_AOMaxDistance: 1
    m_CompAOExponent: 1
    m_CompAOExponentDirect: 0
    m_ExtractAmbientOcclusion: 0
    m_Padding: 2
    m_LightmapParameters: {fileID: 0}
    m_LightmapsBakeMode: 1
    m_TextureCompression: 1
    m_FinalGather: 0
    m_FinalGatherFiltering: 1
    m_FinalGatherRayCount: 256
    m_ReflectionCompression: 2
    m_MixedBakeMode: 2
    m_BakeBackend: 1
    m_PVRSampling: 1
    m_PVRDirectSampleCount: 32
    m_PVRSampleCount: 512
    m_PVRBounces: 2
    m_PVREnvironmentSampleCount: 256
    m_PVREnvironmentReferencePointCount: 2048
    m_PVRFilteringMode: 1
    m_PVRDenoiserTypeDirect: 1
    m_PVRDenoiserTypeIndirect: 1
    m_PVRDenoiserTypeAO: 1
    m_PVRFilterTypeDirect: 0
    m_PVRFilterTypeIndirect: 0
    m_PVRFilterTypeAO: 0
    m_PVREnvironmentMIS: 1
    m_PVRCulling: 1
    m_PVRFilteringGaussRadiusDirect: 1
    m_PVRFilteringGaussRadiusIndirect: 5
    m_PVRFilteringGaussRadiusAO: 2
    m_PVRFilteringAtrousPositionSigmaDirect: 0.5
    m_PVRFilteringAtrousPositionSigmaIndirect: 2
    m_PVRFilteringAtrousPositionSigmaAO: 1
    m_ExportTrainingData: 0
    m_TrainingDataDestination: TrainingData
  m_LightingDataAsset: {fileID: 0}
  m_UseShadowmask: 1
--- !u!196 &4
NavMeshSettings:
  serializedVersion: 2
  m_ObjectHideFlags: 0
  m_BuildSettings:
    serializedVersion: 2
    agentTypeID: 0
    agentRadius: 0.5
    agentHeight: 2
    agentSlope: 45
    agentClimb: 0.4
    ledgeDropHeight: 0
    maxJumpAcrossDistance: 0
    minRegionArea: 2
    manualCellSize: 0
    cellSize: 0.16666667
    manualTileSize: 0
    tileSize: 256
    accuratePlacement: 0
    debug:
      m_Flags: 0
  m_NavMeshData: {fileID: 23800000, guid: ac34955db33cb814eb618461d41c1272, type: 2}
--- !u!1001 &270762583
PrefabInstance:
  m_ObjectHideFlags: 0
  serializedVersion: 2
  m_Modification:
    m_TransformParent: {fileID: 1740652196}
    m_Modifications:
    - target: {fileID: 130724, guid: d66c89601ce96d4419ce36a4dce3c401, type: 3}
      propertyPath: m_Name
      value: SM_Bld_Fence_02 (6)
      objectReference: {fileID: 0}
    - target: {fileID: 416864, guid: d66c89601ce96d4419ce36a4dce3c401, type: 3}
      propertyPath: m_LocalPosition.x
      value: -20.066372
      objectReference: {fileID: 0}
    - target: {fileID: 416864, guid: d66c89601ce96d4419ce36a4dce3c401, type: 3}
      propertyPath: m_LocalPosition.y
      value: -3.321537
      objectReference: {fileID: 0}
    - target: {fileID: 416864, guid: d66c89601ce96d4419ce36a4dce3c401, type: 3}
      propertyPath: m_LocalPosition.z
      value: -0.13822937
      objectReference: {fileID: 0}
    - target: {fileID: 416864, guid: d66c89601ce96d4419ce36a4dce3c401, type: 3}
      propertyPath: m_LocalRotation.x
      value: -0
      objectReference: {fileID: 0}
    - target: {fileID: 416864, guid: d66c89601ce96d4419ce36a4dce3c401, type: 3}
      propertyPath: m_LocalRotation.y
      value: 0.065922335
      objectReference: {fileID: 0}
    - target: {fileID: 416864, guid: d66c89601ce96d4419ce36a4dce3c401, type: 3}
      propertyPath: m_LocalRotation.z
      value: -0
      objectReference: {fileID: 0}
    - target: {fileID: 416864, guid: d66c89601ce96d4419ce36a4dce3c401, type: 3}
      propertyPath: m_LocalRotation.w
      value: 0.9978248
      objectReference: {fileID: 0}
    - target: {fileID: 416864, guid: d66c89601ce96d4419ce36a4dce3c401, type: 3}
      propertyPath: m_RootOrder
      value: 6
      objectReference: {fileID: 0}
    - target: {fileID: 416864, guid: d66c89601ce96d4419ce36a4dce3c401, type: 3}
      propertyPath: m_LocalEulerAnglesHint.x
      value: 0
      objectReference: {fileID: 0}
    - target: {fileID: 416864, guid: d66c89601ce96d4419ce36a4dce3c401, type: 3}
      propertyPath: m_LocalEulerAnglesHint.y
      value: 7.5600004
      objectReference: {fileID: 0}
    - target: {fileID: 416864, guid: d66c89601ce96d4419ce36a4dce3c401, type: 3}
      propertyPath: m_LocalEulerAnglesHint.z
      value: 0
      objectReference: {fileID: 0}
    m_RemovedComponents: []
  m_SourcePrefab: {fileID: 100100000, guid: d66c89601ce96d4419ce36a4dce3c401, type: 3}
--- !u!4 &270762584 stripped
Transform:
  m_CorrespondingSourceObject: {fileID: 416864, guid: d66c89601ce96d4419ce36a4dce3c401,
    type: 3}
  m_PrefabInstance: {fileID: 270762583}
  m_PrefabAsset: {fileID: 0}
--- !u!1001 &564655791
PrefabInstance:
  m_ObjectHideFlags: 0
  serializedVersion: 2
  m_Modification:
    m_TransformParent: {fileID: 1740652196}
    m_Modifications:
    - target: {fileID: 130724, guid: d66c89601ce96d4419ce36a4dce3c401, type: 3}
      propertyPath: m_Name
      value: SM_Bld_Fence_02 (5)
      objectReference: {fileID: 0}
    - target: {fileID: 416864, guid: d66c89601ce96d4419ce36a4dce3c401, type: 3}
      propertyPath: m_LocalPosition.x
      value: -20.066372
      objectReference: {fileID: 0}
    - target: {fileID: 416864, guid: d66c89601ce96d4419ce36a4dce3c401, type: 3}
      propertyPath: m_LocalPosition.y
      value: -3.321537
      objectReference: {fileID: 0}
    - target: {fileID: 416864, guid: d66c89601ce96d4419ce36a4dce3c401, type: 3}
      propertyPath: m_LocalPosition.z
      value: -7.038229
      objectReference: {fileID: 0}
    - target: {fileID: 416864, guid: d66c89601ce96d4419ce36a4dce3c401, type: 3}
      propertyPath: m_LocalRotation.x
      value: -0
      objectReference: {fileID: 0}
    - target: {fileID: 416864, guid: d66c89601ce96d4419ce36a4dce3c401, type: 3}
      propertyPath: m_LocalRotation.y
      value: 0.065922335
      objectReference: {fileID: 0}
    - target: {fileID: 416864, guid: d66c89601ce96d4419ce36a4dce3c401, type: 3}
      propertyPath: m_LocalRotation.z
      value: -0
      objectReference: {fileID: 0}
    - target: {fileID: 416864, guid: d66c89601ce96d4419ce36a4dce3c401, type: 3}
      propertyPath: m_LocalRotation.w
      value: 0.9978248
      objectReference: {fileID: 0}
    - target: {fileID: 416864, guid: d66c89601ce96d4419ce36a4dce3c401, type: 3}
      propertyPath: m_RootOrder
      value: 5
      objectReference: {fileID: 0}
    - target: {fileID: 416864, guid: d66c89601ce96d4419ce36a4dce3c401, type: 3}
      propertyPath: m_LocalEulerAnglesHint.x
      value: 0
      objectReference: {fileID: 0}
    - target: {fileID: 416864, guid: d66c89601ce96d4419ce36a4dce3c401, type: 3}
      propertyPath: m_LocalEulerAnglesHint.y
      value: 7.5600004
      objectReference: {fileID: 0}
    - target: {fileID: 416864, guid: d66c89601ce96d4419ce36a4dce3c401, type: 3}
      propertyPath: m_LocalEulerAnglesHint.z
      value: 0
      objectReference: {fileID: 0}
    m_RemovedComponents: []
  m_SourcePrefab: {fileID: 100100000, guid: d66c89601ce96d4419ce36a4dce3c401, type: 3}
--- !u!4 &564655792 stripped
Transform:
  m_CorrespondingSourceObject: {fileID: 416864, guid: d66c89601ce96d4419ce36a4dce3c401,
    type: 3}
  m_PrefabInstance: {fileID: 564655791}
  m_PrefabAsset: {fileID: 0}
--- !u!1001 &659971528
PrefabInstance:
  m_ObjectHideFlags: 0
  serializedVersion: 2
  m_Modification:
    m_TransformParent: {fileID: 1740652196}
    m_Modifications:
    - target: {fileID: 130724, guid: d66c89601ce96d4419ce36a4dce3c401, type: 3}
      propertyPath: m_Name
      value: SM_Bld_Fence_02 (2)
      objectReference: {fileID: 0}
    - target: {fileID: 416864, guid: d66c89601ce96d4419ce36a4dce3c401, type: 3}
      propertyPath: m_LocalPosition.x
      value: 9.193628
      objectReference: {fileID: 0}
    - target: {fileID: 416864, guid: d66c89601ce96d4419ce36a4dce3c401, type: 3}
      propertyPath: m_LocalPosition.y
      value: -3.321537
      objectReference: {fileID: 0}
    - target: {fileID: 416864, guid: d66c89601ce96d4419ce36a4dce3c401, type: 3}
      propertyPath: m_LocalPosition.z
      value: -0.7282295
      objectReference: {fileID: 0}
    - target: {fileID: 416864, guid: d66c89601ce96d4419ce36a4dce3c401, type: 3}
      propertyPath: m_LocalRotation.x
      value: -0
      objectReference: {fileID: 0}
    - target: {fileID: 416864, guid: d66c89601ce96d4419ce36a4dce3c401, type: 3}
      propertyPath: m_LocalRotation.y
      value: 0.065922335
      objectReference: {fileID: 0}
    - target: {fileID: 416864, guid: d66c89601ce96d4419ce36a4dce3c401, type: 3}
      propertyPath: m_LocalRotation.z
      value: -0
      objectReference: {fileID: 0}
    - target: {fileID: 416864, guid: d66c89601ce96d4419ce36a4dce3c401, type: 3}
      propertyPath: m_LocalRotation.w
      value: 0.9978248
      objectReference: {fileID: 0}
    - target: {fileID: 416864, guid: d66c89601ce96d4419ce36a4dce3c401, type: 3}
      propertyPath: m_RootOrder
      value: 2
      objectReference: {fileID: 0}
    - target: {fileID: 416864, guid: d66c89601ce96d4419ce36a4dce3c401, type: 3}
      propertyPath: m_LocalEulerAnglesHint.x
      value: 0
      objectReference: {fileID: 0}
    - target: {fileID: 416864, guid: d66c89601ce96d4419ce36a4dce3c401, type: 3}
      propertyPath: m_LocalEulerAnglesHint.y
      value: 7.5600004
      objectReference: {fileID: 0}
    - target: {fileID: 416864, guid: d66c89601ce96d4419ce36a4dce3c401, type: 3}
      propertyPath: m_LocalEulerAnglesHint.z
      value: 0
      objectReference: {fileID: 0}
    m_RemovedComponents: []
  m_SourcePrefab: {fileID: 100100000, guid: d66c89601ce96d4419ce36a4dce3c401, type: 3}
--- !u!4 &659971529 stripped
Transform:
  m_CorrespondingSourceObject: {fileID: 416864, guid: d66c89601ce96d4419ce36a4dce3c401,
    type: 3}
  m_PrefabInstance: {fileID: 659971528}
  m_PrefabAsset: {fileID: 0}
--- !u!1001 &826328506
PrefabInstance:
  m_ObjectHideFlags: 0
  serializedVersion: 2
  m_Modification:
    m_TransformParent: {fileID: 1740652196}
    m_Modifications:
    - target: {fileID: 130724, guid: d66c89601ce96d4419ce36a4dce3c401, type: 3}
      propertyPath: m_Name
      value: SM_Bld_Fence_02 (4)
      objectReference: {fileID: 0}
    - target: {fileID: 416864, guid: d66c89601ce96d4419ce36a4dce3c401, type: 3}
      propertyPath: m_LocalPosition.x
      value: -18.34637
      objectReference: {fileID: 0}
    - target: {fileID: 416864, guid: d66c89601ce96d4419ce36a4dce3c401, type: 3}
      propertyPath: m_LocalPosition.y
      value: -3.321537
      objectReference: {fileID: 0}
    - target: {fileID: 416864, guid: d66c89601ce96d4419ce36a4dce3c401, type: 3}
      propertyPath: m_LocalPosition.z
      value: -7.038229
      objectReference: {fileID: 0}
    - target: {fileID: 416864, guid: d66c89601ce96d4419ce36a4dce3c401, type: 3}
      propertyPath: m_LocalRotation.x
      value: -0
      objectReference: {fileID: 0}
    - target: {fileID: 416864, guid: d66c89601ce96d4419ce36a4dce3c401, type: 3}
      propertyPath: m_LocalRotation.y
      value: -0
      objectReference: {fileID: 0}
    - target: {fileID: 416864, guid: d66c89601ce96d4419ce36a4dce3c401, type: 3}
      propertyPath: m_LocalRotation.z
      value: -0
      objectReference: {fileID: 0}
    - target: {fileID: 416864, guid: d66c89601ce96d4419ce36a4dce3c401, type: 3}
      propertyPath: m_LocalRotation.w
      value: 1
      objectReference: {fileID: 0}
    - target: {fileID: 416864, guid: d66c89601ce96d4419ce36a4dce3c401, type: 3}
      propertyPath: m_RootOrder
      value: 4
      objectReference: {fileID: 0}
    - target: {fileID: 416864, guid: d66c89601ce96d4419ce36a4dce3c401, type: 3}
      propertyPath: m_LocalEulerAnglesHint.x
      value: 0
      objectReference: {fileID: 0}
    - target: {fileID: 416864, guid: d66c89601ce96d4419ce36a4dce3c401, type: 3}
      propertyPath: m_LocalEulerAnglesHint.y
      value: 0
      objectReference: {fileID: 0}
    - target: {fileID: 416864, guid: d66c89601ce96d4419ce36a4dce3c401, type: 3}
      propertyPath: m_LocalEulerAnglesHint.z
      value: 0
      objectReference: {fileID: 0}
    m_RemovedComponents: []
  m_SourcePrefab: {fileID: 100100000, guid: d66c89601ce96d4419ce36a4dce3c401, type: 3}
--- !u!4 &826328507 stripped
Transform:
  m_CorrespondingSourceObject: {fileID: 416864, guid: d66c89601ce96d4419ce36a4dce3c401,
    type: 3}
  m_PrefabInstance: {fileID: 826328506}
  m_PrefabAsset: {fileID: 0}
--- !u!1001 &938284797
PrefabInstance:
  m_ObjectHideFlags: 0
  serializedVersion: 2
  m_Modification:
    m_TransformParent: {fileID: 1740652196}
    m_Modifications:
    - target: {fileID: 130724, guid: d66c89601ce96d4419ce36a4dce3c401, type: 3}
      propertyPath: m_Name
      value: SM_Bld_Fence_02 (7)
      objectReference: {fileID: 0}
    - target: {fileID: 416864, guid: d66c89601ce96d4419ce36a4dce3c401, type: 3}
      propertyPath: m_LocalPosition.x
      value: -18.406368
      objectReference: {fileID: 0}
    - target: {fileID: 416864, guid: d66c89601ce96d4419ce36a4dce3c401, type: 3}
      propertyPath: m_LocalPosition.y
      value: -3.321537
      objectReference: {fileID: 0}
    - target: {fileID: 416864, guid: d66c89601ce96d4419ce36a4dce3c401, type: 3}
      propertyPath: m_LocalPosition.z
      value: -0.13822937
      objectReference: {fileID: 0}
    - target: {fileID: 416864, guid: d66c89601ce96d4419ce36a4dce3c401, type: 3}
      propertyPath: m_LocalRotation.x
      value: -0
      objectReference: {fileID: 0}
    - target: {fileID: 416864, guid: d66c89601ce96d4419ce36a4dce3c401, type: 3}
      propertyPath: m_LocalRotation.y
      value: 0.065922335
      objectReference: {fileID: 0}
    - target: {fileID: 416864, guid: d66c89601ce96d4419ce36a4dce3c401, type: 3}
      propertyPath: m_LocalRotation.z
      value: -0
      objectReference: {fileID: 0}
    - target: {fileID: 416864, guid: d66c89601ce96d4419ce36a4dce3c401, type: 3}
      propertyPath: m_LocalRotation.w
      value: 0.9978248
      objectReference: {fileID: 0}
    - target: {fileID: 416864, guid: d66c89601ce96d4419ce36a4dce3c401, type: 3}
      propertyPath: m_RootOrder
      value: 7
      objectReference: {fileID: 0}
    - target: {fileID: 416864, guid: d66c89601ce96d4419ce36a4dce3c401, type: 3}
      propertyPath: m_LocalEulerAnglesHint.x
      value: 0
      objectReference: {fileID: 0}
    - target: {fileID: 416864, guid: d66c89601ce96d4419ce36a4dce3c401, type: 3}
      propertyPath: m_LocalEulerAnglesHint.y
      value: 7.5600004
      objectReference: {fileID: 0}
    - target: {fileID: 416864, guid: d66c89601ce96d4419ce36a4dce3c401, type: 3}
      propertyPath: m_LocalEulerAnglesHint.z
      value: 0
      objectReference: {fileID: 0}
    m_RemovedComponents: []
  m_SourcePrefab: {fileID: 100100000, guid: d66c89601ce96d4419ce36a4dce3c401, type: 3}
--- !u!4 &938284798 stripped
Transform:
  m_CorrespondingSourceObject: {fileID: 416864, guid: d66c89601ce96d4419ce36a4dce3c401,
    type: 3}
  m_PrefabInstance: {fileID: 938284797}
  m_PrefabAsset: {fileID: 0}
--- !u!1001 &972494723
PrefabInstance:
  m_ObjectHideFlags: 0
  serializedVersion: 2
  m_Modification:
    m_TransformParent: {fileID: 1740652196}
    m_Modifications:
    - target: {fileID: 130724, guid: d66c89601ce96d4419ce36a4dce3c401, type: 3}
      propertyPath: m_Name
      value: SM_Bld_Fence_02
      objectReference: {fileID: 0}
    - target: {fileID: 416864, guid: d66c89601ce96d4419ce36a4dce3c401, type: 3}
      propertyPath: m_LocalPosition.x
      value: 10.91363
      objectReference: {fileID: 0}
    - target: {fileID: 416864, guid: d66c89601ce96d4419ce36a4dce3c401, type: 3}
      propertyPath: m_LocalPosition.y
      value: -3.321537
      objectReference: {fileID: 0}
    - target: {fileID: 416864, guid: d66c89601ce96d4419ce36a4dce3c401, type: 3}
      propertyPath: m_LocalPosition.z
      value: -7.628229
      objectReference: {fileID: 0}
    - target: {fileID: 416864, guid: d66c89601ce96d4419ce36a4dce3c401, type: 3}
      propertyPath: m_LocalRotation.x
      value: -0
      objectReference: {fileID: 0}
    - target: {fileID: 416864, guid: d66c89601ce96d4419ce36a4dce3c401, type: 3}
      propertyPath: m_LocalRotation.y
      value: -0
      objectReference: {fileID: 0}
    - target: {fileID: 416864, guid: d66c89601ce96d4419ce36a4dce3c401, type: 3}
      propertyPath: m_LocalRotation.z
      value: -0
      objectReference: {fileID: 0}
    - target: {fileID: 416864, guid: d66c89601ce96d4419ce36a4dce3c401, type: 3}
      propertyPath: m_LocalRotation.w
      value: 1
      objectReference: {fileID: 0}
    - target: {fileID: 416864, guid: d66c89601ce96d4419ce36a4dce3c401, type: 3}
      propertyPath: m_RootOrder
      value: 0
      objectReference: {fileID: 0}
    - target: {fileID: 416864, guid: d66c89601ce96d4419ce36a4dce3c401, type: 3}
      propertyPath: m_LocalEulerAnglesHint.x
      value: 0
      objectReference: {fileID: 0}
    - target: {fileID: 416864, guid: d66c89601ce96d4419ce36a4dce3c401, type: 3}
      propertyPath: m_LocalEulerAnglesHint.y
      value: 0
      objectReference: {fileID: 0}
    - target: {fileID: 416864, guid: d66c89601ce96d4419ce36a4dce3c401, type: 3}
      propertyPath: m_LocalEulerAnglesHint.z
      value: 0
      objectReference: {fileID: 0}
    m_RemovedComponents: []
  m_SourcePrefab: {fileID: 100100000, guid: d66c89601ce96d4419ce36a4dce3c401, type: 3}
--- !u!4 &972494724 stripped
Transform:
  m_CorrespondingSourceObject: {fileID: 416864, guid: d66c89601ce96d4419ce36a4dce3c401,
    type: 3}
  m_PrefabInstance: {fileID: 972494723}
  m_PrefabAsset: {fileID: 0}
--- !u!1001 &1139343594
PrefabInstance:
  m_ObjectHideFlags: 0
  serializedVersion: 2
  m_Modification:
    m_TransformParent: {fileID: 1740652196}
    m_Modifications:
    - target: {fileID: 130724, guid: d66c89601ce96d4419ce36a4dce3c401, type: 3}
      propertyPath: m_Name
      value: SM_Bld_Fence_02 (3)
      objectReference: {fileID: 0}
    - target: {fileID: 416864, guid: d66c89601ce96d4419ce36a4dce3c401, type: 3}
      propertyPath: m_LocalPosition.x
      value: 10.85363
      objectReference: {fileID: 0}
    - target: {fileID: 416864, guid: d66c89601ce96d4419ce36a4dce3c401, type: 3}
      propertyPath: m_LocalPosition.y
      value: -3.321537
      objectReference: {fileID: 0}
    - target: {fileID: 416864, guid: d66c89601ce96d4419ce36a4dce3c401, type: 3}
      propertyPath: m_LocalPosition.z
      value: -0.7282295
      objectReference: {fileID: 0}
    - target: {fileID: 416864, guid: d66c89601ce96d4419ce36a4dce3c401, type: 3}
      propertyPath: m_LocalRotation.x
      value: -0
      objectReference: {fileID: 0}
    - target: {fileID: 416864, guid: d66c89601ce96d4419ce36a4dce3c401, type: 3}
      propertyPath: m_LocalRotation.y
      value: 0.065922335
      objectReference: {fileID: 0}
    - target: {fileID: 416864, guid: d66c89601ce96d4419ce36a4dce3c401, type: 3}
      propertyPath: m_LocalRotation.z
      value: -0
      objectReference: {fileID: 0}
    - target: {fileID: 416864, guid: d66c89601ce96d4419ce36a4dce3c401, type: 3}
      propertyPath: m_LocalRotation.w
      value: 0.9978248
      objectReference: {fileID: 0}
    - target: {fileID: 416864, guid: d66c89601ce96d4419ce36a4dce3c401, type: 3}
      propertyPath: m_RootOrder
      value: 3
      objectReference: {fileID: 0}
    - target: {fileID: 416864, guid: d66c89601ce96d4419ce36a4dce3c401, type: 3}
      propertyPath: m_LocalEulerAnglesHint.x
      value: 0
      objectReference: {fileID: 0}
    - target: {fileID: 416864, guid: d66c89601ce96d4419ce36a4dce3c401, type: 3}
      propertyPath: m_LocalEulerAnglesHint.y
      value: 7.5600004
      objectReference: {fileID: 0}
    - target: {fileID: 416864, guid: d66c89601ce96d4419ce36a4dce3c401, type: 3}
      propertyPath: m_LocalEulerAnglesHint.z
      value: 0
      objectReference: {fileID: 0}
    m_RemovedComponents: []
  m_SourcePrefab: {fileID: 100100000, guid: d66c89601ce96d4419ce36a4dce3c401, type: 3}
--- !u!4 &1139343595 stripped
Transform:
  m_CorrespondingSourceObject: {fileID: 416864, guid: d66c89601ce96d4419ce36a4dce3c401,
    type: 3}
  m_PrefabInstance: {fileID: 1139343594}
  m_PrefabAsset: {fileID: 0}
--- !u!1 &1231670511
GameObject:
  m_ObjectHideFlags: 0
  m_CorrespondingSourceObject: {fileID: 0}
  m_PrefabInstance: {fileID: 0}
  m_PrefabAsset: {fileID: 0}
  serializedVersion: 6
  m_Component:
  - component: {fileID: 1231670513}
  - component: {fileID: 1231670512}
  m_Layer: 0
  m_Name: Directional Light
  m_TagString: Untagged
  m_Icon: {fileID: 0}
  m_NavMeshLayer: 0
  m_StaticEditorFlags: 0
  m_IsActive: 1
--- !u!108 &1231670512
Light:
  m_ObjectHideFlags: 0
  m_CorrespondingSourceObject: {fileID: 0}
  m_PrefabInstance: {fileID: 0}
  m_PrefabAsset: {fileID: 0}
  m_GameObject: {fileID: 1231670511}
  m_Enabled: 1
  serializedVersion: 9
  m_Type: 1
  m_Color: {r: 1, g: 0.95686275, b: 0.8392157, a: 1}
  m_Intensity: 1
  m_Range: 10
  m_SpotAngle: 30
  m_InnerSpotAngle: 21.80208
  m_CookieSize: 10
  m_Shadows:
    m_Type: 2
    m_Resolution: -1
    m_CustomResolution: -1
    m_Strength: 1
    m_Bias: 0.05
    m_NormalBias: 0.4
    m_NearPlane: 0.2
    m_CullingMatrixOverride:
      e00: 1
      e01: 0
      e02: 0
      e03: 0
      e10: 0
      e11: 1
      e12: 0
      e13: 0
      e20: 0
      e21: 0
      e22: 1
      e23: 0
      e30: 0
      e31: 0
      e32: 0
      e33: 1
    m_UseCullingMatrixOverride: 0
  m_Cookie: {fileID: 0}
  m_DrawHalo: 0
  m_Flare: {fileID: 0}
  m_RenderMode: 0
  m_CullingMask:
    serializedVersion: 2
    m_Bits: 4294967295
  m_RenderingLayerMask: 1
  m_Lightmapping: 4
  m_LightShadowCasterMode: 0
  m_AreaSize: {x: 1, y: 1}
  m_BounceIntensity: 1
  m_ColorTemperature: 6570
  m_UseColorTemperature: 0
  m_BoundingSphereOverride: {x: 0, y: 0, z: 0, w: 0}
  m_UseBoundingSphereOverride: 0
  m_ShadowRadius: 0
  m_ShadowAngle: 0
--- !u!4 &1231670513
Transform:
  m_ObjectHideFlags: 0
  m_CorrespondingSourceObject: {fileID: 0}
  m_PrefabInstance: {fileID: 0}
  m_PrefabAsset: {fileID: 0}
  m_GameObject: {fileID: 1231670511}
  m_LocalRotation: {x: 0.40821788, y: -0.23456968, z: 0.10938163, w: 0.8754261}
  m_LocalPosition: {x: 0, y: 3, z: 0}
  m_LocalScale: {x: 1, y: 1, z: 1}
  m_Children: []
  m_Father: {fileID: 0}
  m_RootOrder: 0
  m_LocalEulerAnglesHint: {x: 50, y: -30, z: 0}
--- !u!1 &1383151756
GameObject:
  m_ObjectHideFlags: 0
  m_CorrespondingSourceObject: {fileID: 0}
  m_PrefabInstance: {fileID: 0}
  m_PrefabAsset: {fileID: 0}
  serializedVersion: 6
  m_Component:
  - component: {fileID: 1383151757}
  - component: {fileID: 1383151759}
  - component: {fileID: 1383151758}
  m_Layer: 0
  m_Name: Sandbox 2 Terrain
  m_TagString: Untagged
  m_Icon: {fileID: 0}
  m_NavMeshLayer: 0
  m_StaticEditorFlags: 4294967295
  m_IsActive: 1
--- !u!4 &1383151757
Transform:
  m_ObjectHideFlags: 0
  m_CorrespondingSourceObject: {fileID: 0}
  m_PrefabInstance: {fileID: 0}
  m_PrefabAsset: {fileID: 0}
  m_GameObject: {fileID: 1383151756}
  m_LocalRotation: {x: -0, y: -0, z: -0, w: 1}
  m_LocalPosition: {x: -65.18637, y: -3.321539, z: -22.048227}
  m_LocalScale: {x: 1, y: 1, z: 1}
  m_Children: []
  m_Father: {fileID: 1740652196}
  m_RootOrder: 8
  m_LocalEulerAnglesHint: {x: 0, y: 0, z: 0}
--- !u!154 &1383151758
TerrainCollider:
  m_ObjectHideFlags: 0
  m_CorrespondingSourceObject: {fileID: 0}
  m_PrefabInstance: {fileID: 0}
  m_PrefabAsset: {fileID: 0}
  m_GameObject: {fileID: 1383151756}
  m_Material: {fileID: 0}
  m_Enabled: 1
  m_TerrainData: {fileID: 15600000, guid: f1376f6eb7b19734d9b9ad674bb605dc, type: 2}
  m_EnableTreeColliders: 1
--- !u!218 &1383151759
Terrain:
  m_ObjectHideFlags: 0
  m_CorrespondingSourceObject: {fileID: 0}
  m_PrefabInstance: {fileID: 0}
  m_PrefabAsset: {fileID: 0}
  m_GameObject: {fileID: 1383151756}
  m_Enabled: 1
  serializedVersion: 5
  m_TerrainData: {fileID: 15600000, guid: f1376f6eb7b19734d9b9ad674bb605dc, type: 2}
  m_TreeDistance: 5000
  m_TreeBillboardDistance: 50
  m_TreeCrossFadeLength: 5
  m_TreeMaximumFullLODCount: 50
  m_DetailObjectDistance: 80
  m_DetailObjectDensity: 1
  m_HeightmapPixelError: 5
  m_SplatMapDistance: 1000
  m_HeightmapMaximumLOD: 0
  m_ShadowCastingMode: 2
  m_DrawHeightmap: 1
  m_DrawInstanced: 0
  m_DrawTreesAndFoliage: 1
  m_ReflectionProbeUsage: 1
  m_MaterialTemplate: {fileID: 10652, guid: 0000000000000000f000000000000000, type: 0}
  m_BakeLightProbesForTrees: 1
  m_PreserveTreePrototypeLayers: 0
  m_DeringLightProbesForTrees: 1
  m_ScaleInLightmap: 0.0256
  m_LightmapParameters: {fileID: 15203, guid: 0000000000000000f000000000000000, type: 0}
  m_GroupingID: 0
  m_AllowAutoConnect: 1
--- !u!1001 &1505609244
PrefabInstance:
  m_ObjectHideFlags: 0
  serializedVersion: 2
  m_Modification:
    m_TransformParent: {fileID: 0}
    m_Modifications:
    - target: {fileID: 3990048395156009297, guid: 2f10a57a83fdfa644ad5bf1ff7cca4b8,
        type: 3}
      propertyPath: m_LocalPosition.x
      value: 11.347979
      objectReference: {fileID: 0}
    - target: {fileID: 3990048395156009297, guid: 2f10a57a83fdfa644ad5bf1ff7cca4b8,
        type: 3}
      propertyPath: m_LocalPosition.y
      value: 6.8814373
      objectReference: {fileID: 0}
    - target: {fileID: 3990048395156009297, guid: 2f10a57a83fdfa644ad5bf1ff7cca4b8,
        type: 3}
      propertyPath: m_LocalPosition.z
      value: -0.18827438
      objectReference: {fileID: 0}
    - target: {fileID: 3990048396150948347, guid: 2f10a57a83fdfa644ad5bf1ff7cca4b8,
        type: 3}
      propertyPath: m_LocalPosition.z
      value: 0
      objectReference: {fileID: 0}
    - target: {fileID: 3990048396218556452, guid: 2f10a57a83fdfa644ad5bf1ff7cca4b8,
        type: 3}
      propertyPath: m_LocalPosition.x
      value: 19.807365
      objectReference: {fileID: 0}
    - target: {fileID: 3990048396218556452, guid: 2f10a57a83fdfa644ad5bf1ff7cca4b8,
        type: 3}
      propertyPath: m_LocalPosition.y
      value: 0.00000047683716
      objectReference: {fileID: 0}
    - target: {fileID: 3990048396218556452, guid: 2f10a57a83fdfa644ad5bf1ff7cca4b8,
        type: 3}
      propertyPath: m_LocalPosition.z
      value: -32.06
      objectReference: {fileID: 0}
    - target: {fileID: 3990048396218556452, guid: 2f10a57a83fdfa644ad5bf1ff7cca4b8,
        type: 3}
      propertyPath: m_LocalRotation.x
      value: 0
      objectReference: {fileID: 0}
    - target: {fileID: 3990048396218556452, guid: 2f10a57a83fdfa644ad5bf1ff7cca4b8,
        type: 3}
      propertyPath: m_LocalRotation.y
      value: 0
      objectReference: {fileID: 0}
    - target: {fileID: 3990048396218556452, guid: 2f10a57a83fdfa644ad5bf1ff7cca4b8,
        type: 3}
      propertyPath: m_LocalRotation.z
      value: 0
      objectReference: {fileID: 0}
    - target: {fileID: 3990048396218556452, guid: 2f10a57a83fdfa644ad5bf1ff7cca4b8,
        type: 3}
      propertyPath: m_LocalRotation.w
      value: 1
      objectReference: {fileID: 0}
    - target: {fileID: 3990048396218556452, guid: 2f10a57a83fdfa644ad5bf1ff7cca4b8,
        type: 3}
      propertyPath: m_RootOrder
      value: 1
      objectReference: {fileID: 0}
    - target: {fileID: 3990048396218556452, guid: 2f10a57a83fdfa644ad5bf1ff7cca4b8,
        type: 3}
      propertyPath: m_LocalEulerAnglesHint.x
      value: 0
      objectReference: {fileID: 0}
    - target: {fileID: 3990048396218556452, guid: 2f10a57a83fdfa644ad5bf1ff7cca4b8,
        type: 3}
      propertyPath: m_LocalEulerAnglesHint.y
      value: 0
      objectReference: {fileID: 0}
    - target: {fileID: 3990048396218556452, guid: 2f10a57a83fdfa644ad5bf1ff7cca4b8,
        type: 3}
      propertyPath: m_LocalEulerAnglesHint.z
      value: 0
      objectReference: {fileID: 0}
    - target: {fileID: 3990048396218556453, guid: 2f10a57a83fdfa644ad5bf1ff7cca4b8,
        type: 3}
      propertyPath: m_Name
      value: Core
      objectReference: {fileID: 0}
    - target: {fileID: 3990048396740696775, guid: 2f10a57a83fdfa644ad5bf1ff7cca4b8,
        type: 3}
      propertyPath: m_LocalPosition.x
      value: 11.347979
      objectReference: {fileID: 0}
    - target: {fileID: 3990048396740696775, guid: 2f10a57a83fdfa644ad5bf1ff7cca4b8,
        type: 3}
      propertyPath: m_LocalPosition.y
      value: 6.8814373
      objectReference: {fileID: 0}
    - target: {fileID: 3990048396740696775, guid: 2f10a57a83fdfa644ad5bf1ff7cca4b8,
        type: 3}
      propertyPath: m_LocalPosition.z
      value: -0.18827438
      objectReference: {fileID: 0}
    - target: {fileID: 4912541814644993794, guid: 2f10a57a83fdfa644ad5bf1ff7cca4b8,
        type: 3}
      propertyPath: m_LocalRotation.x
      value: 0
      objectReference: {fileID: 0}
    - target: {fileID: 4912541814644993794, guid: 2f10a57a83fdfa644ad5bf1ff7cca4b8,
        type: 3}
      propertyPath: m_LocalRotation.y
      value: 0
      objectReference: {fileID: 0}
    - target: {fileID: 4912541814644993794, guid: 2f10a57a83fdfa644ad5bf1ff7cca4b8,
        type: 3}
      propertyPath: m_LocalRotation.z
      value: 0
      objectReference: {fileID: 0}
    - target: {fileID: 4912541814644993794, guid: 2f10a57a83fdfa644ad5bf1ff7cca4b8,
        type: 3}
      propertyPath: m_LocalPosition.x
      value: 0
      objectReference: {fileID: 0}
    - target: {fileID: 4912541814644993794, guid: 2f10a57a83fdfa644ad5bf1ff7cca4b8,
        type: 3}
      propertyPath: m_LocalPosition.y
      value: 0
      objectReference: {fileID: 0}
    - target: {fileID: 4912541814644993794, guid: 2f10a57a83fdfa644ad5bf1ff7cca4b8,
        type: 3}
      propertyPath: m_LocalPosition.z
      value: 0
      objectReference: {fileID: 0}
    m_RemovedComponents: []
  m_SourcePrefab: {fileID: 100100000, guid: 2f10a57a83fdfa644ad5bf1ff7cca4b8, type: 3}
--- !u!1001 &1528218001
PrefabInstance:
  m_ObjectHideFlags: 0
  serializedVersion: 2
  m_Modification:
    m_TransformParent: {fileID: 0}
    m_Modifications:
    - target: {fileID: 219869163752194673, guid: 3a5264b04411a9f478a5853ba06b2a72,
        type: 3}
      propertyPath: m_Size.x
      value: 1.94
      objectReference: {fileID: 0}
    - target: {fileID: 219869163752194673, guid: 3a5264b04411a9f478a5853ba06b2a72,
        type: 3}
      propertyPath: m_Size.z
      value: 5.05
      objectReference: {fileID: 0}
    - target: {fileID: 219869163752194673, guid: 3a5264b04411a9f478a5853ba06b2a72,
        type: 3}
      propertyPath: m_Size.y
      value: 2.33
      objectReference: {fileID: 0}
    - target: {fileID: 2475215113435066627, guid: 3a5264b04411a9f478a5853ba06b2a72,
        type: 3}
      propertyPath: sceneToLoad
      value: 0
      objectReference: {fileID: 0}
    - target: {fileID: 2475215113435066627, guid: 3a5264b04411a9f478a5853ba06b2a72,
        type: 3}
      propertyPath: destination
      value: 1
      objectReference: {fileID: 0}
    - target: {fileID: 3469139308441700686, guid: 3a5264b04411a9f478a5853ba06b2a72,
        type: 3}
      propertyPath: m_Name
      value: Portal (1)
      objectReference: {fileID: 0}
    - target: {fileID: 5959959321398957186, guid: 3a5264b04411a9f478a5853ba06b2a72,
        type: 3}
      propertyPath: m_LocalPosition.x
      value: -3.3165092
      objectReference: {fileID: 0}
    - target: {fileID: 5959959321398957186, guid: 3a5264b04411a9f478a5853ba06b2a72,
        type: 3}
      propertyPath: m_LocalPosition.y
      value: 1.21
      objectReference: {fileID: 0}
    - target: {fileID: 5959959321398957186, guid: 3a5264b04411a9f478a5853ba06b2a72,
        type: 3}
      propertyPath: m_LocalPosition.z
      value: -31.23
      objectReference: {fileID: 0}
    - target: {fileID: 5959959321398957186, guid: 3a5264b04411a9f478a5853ba06b2a72,
        type: 3}
      propertyPath: m_LocalRotation.x
      value: 0
      objectReference: {fileID: 0}
    - target: {fileID: 5959959321398957186, guid: 3a5264b04411a9f478a5853ba06b2a72,
        type: 3}
      propertyPath: m_LocalRotation.y
      value: 0
      objectReference: {fileID: 0}
    - target: {fileID: 5959959321398957186, guid: 3a5264b04411a9f478a5853ba06b2a72,
        type: 3}
      propertyPath: m_LocalRotation.z
      value: 0
      objectReference: {fileID: 0}
    - target: {fileID: 5959959321398957186, guid: 3a5264b04411a9f478a5853ba06b2a72,
        type: 3}
      propertyPath: m_LocalRotation.w
      value: 1
      objectReference: {fileID: 0}
    - target: {fileID: 5959959321398957186, guid: 3a5264b04411a9f478a5853ba06b2a72,
        type: 3}
      propertyPath: m_RootOrder
      value: 2
      objectReference: {fileID: 0}
    - target: {fileID: 5959959321398957186, guid: 3a5264b04411a9f478a5853ba06b2a72,
        type: 3}
      propertyPath: m_LocalEulerAnglesHint.x
      value: 0
      objectReference: {fileID: 0}
    - target: {fileID: 5959959321398957186, guid: 3a5264b04411a9f478a5853ba06b2a72,
        type: 3}
      propertyPath: m_LocalEulerAnglesHint.y
      value: 0
      objectReference: {fileID: 0}
    - target: {fileID: 5959959321398957186, guid: 3a5264b04411a9f478a5853ba06b2a72,
        type: 3}
      propertyPath: m_LocalEulerAnglesHint.z
      value: 0
      objectReference: {fileID: 0}
    - target: {fileID: 7760682718803632764, guid: 3a5264b04411a9f478a5853ba06b2a72,
        type: 3}
      propertyPath: m_LocalRotation.x
      value: -0
      objectReference: {fileID: 0}
    - target: {fileID: 7760682718803632764, guid: 3a5264b04411a9f478a5853ba06b2a72,
        type: 3}
      propertyPath: m_LocalRotation.y
      value: 0.727622
      objectReference: {fileID: 0}
    - target: {fileID: 7760682718803632764, guid: 3a5264b04411a9f478a5853ba06b2a72,
        type: 3}
      propertyPath: m_LocalRotation.z
      value: -0
      objectReference: {fileID: 0}
    - target: {fileID: 7760682718803632764, guid: 3a5264b04411a9f478a5853ba06b2a72,
        type: 3}
      propertyPath: m_LocalRotation.w
      value: 0.6859784
      objectReference: {fileID: 0}
    - target: {fileID: 7760682718803632764, guid: 3a5264b04411a9f478a5853ba06b2a72,
        type: 3}
      propertyPath: m_LocalEulerAnglesHint.y
      value: 93.37501
      objectReference: {fileID: 0}
    - target: {fileID: 7760682718803632764, guid: 3a5264b04411a9f478a5853ba06b2a72,
        type: 3}
      propertyPath: m_LocalPosition.x
      value: 3.05
      objectReference: {fileID: 0}
    - target: {fileID: 7760682718803632764, guid: 3a5264b04411a9f478a5853ba06b2a72,
        type: 3}
      propertyPath: m_LocalPosition.z
      value: -0.18
      objectReference: {fileID: 0}
    m_RemovedComponents: []
  m_SourcePrefab: {fileID: 100100000, guid: 3a5264b04411a9f478a5853ba06b2a72, type: 3}
--- !u!1001 &1570544783
PrefabInstance:
  m_ObjectHideFlags: 0
  serializedVersion: 2
  m_Modification:
    m_TransformParent: {fileID: 1740652196}
    m_Modifications:
    - target: {fileID: 130724, guid: d66c89601ce96d4419ce36a4dce3c401, type: 3}
      propertyPath: m_Name
      value: SM_Bld_Fence_02 (1)
      objectReference: {fileID: 0}
    - target: {fileID: 416864, guid: d66c89601ce96d4419ce36a4dce3c401, type: 3}
      propertyPath: m_LocalPosition.x
      value: 9.193628
      objectReference: {fileID: 0}
    - target: {fileID: 416864, guid: d66c89601ce96d4419ce36a4dce3c401, type: 3}
      propertyPath: m_LocalPosition.y
      value: -3.321537
      objectReference: {fileID: 0}
    - target: {fileID: 416864, guid: d66c89601ce96d4419ce36a4dce3c401, type: 3}
      propertyPath: m_LocalPosition.z
      value: -7.628229
      objectReference: {fileID: 0}
    - target: {fileID: 416864, guid: d66c89601ce96d4419ce36a4dce3c401, type: 3}
      propertyPath: m_LocalRotation.x
      value: -0
      objectReference: {fileID: 0}
    - target: {fileID: 416864, guid: d66c89601ce96d4419ce36a4dce3c401, type: 3}
      propertyPath: m_LocalRotation.y
      value: 0.065922335
      objectReference: {fileID: 0}
    - target: {fileID: 416864, guid: d66c89601ce96d4419ce36a4dce3c401, type: 3}
      propertyPath: m_LocalRotation.z
      value: -0
      objectReference: {fileID: 0}
    - target: {fileID: 416864, guid: d66c89601ce96d4419ce36a4dce3c401, type: 3}
      propertyPath: m_LocalRotation.w
      value: 0.9978248
      objectReference: {fileID: 0}
    - target: {fileID: 416864, guid: d66c89601ce96d4419ce36a4dce3c401, type: 3}
      propertyPath: m_RootOrder
      value: 1
      objectReference: {fileID: 0}
    - target: {fileID: 416864, guid: d66c89601ce96d4419ce36a4dce3c401, type: 3}
      propertyPath: m_LocalEulerAnglesHint.x
      value: 0
      objectReference: {fileID: 0}
    - target: {fileID: 416864, guid: d66c89601ce96d4419ce36a4dce3c401, type: 3}
      propertyPath: m_LocalEulerAnglesHint.y
      value: 7.5600004
      objectReference: {fileID: 0}
    - target: {fileID: 416864, guid: d66c89601ce96d4419ce36a4dce3c401, type: 3}
      propertyPath: m_LocalEulerAnglesHint.z
      value: 0
      objectReference: {fileID: 0}
    m_RemovedComponents: []
  m_SourcePrefab: {fileID: 100100000, guid: d66c89601ce96d4419ce36a4dce3c401, type: 3}
--- !u!4 &1570544784 stripped
Transform:
  m_CorrespondingSourceObject: {fileID: 416864, guid: d66c89601ce96d4419ce36a4dce3c401,
    type: 3}
  m_PrefabInstance: {fileID: 1570544783}
  m_PrefabAsset: {fileID: 0}
--- !u!1 &1740652195
GameObject:
  m_ObjectHideFlags: 0
  m_CorrespondingSourceObject: {fileID: 0}
  m_PrefabInstance: {fileID: 0}
  m_PrefabAsset: {fileID: 0}
  serializedVersion: 6
  m_Component:
  - component: {fileID: 1740652196}
  m_Layer: 0
  m_Name: Enviroment
  m_TagString: Untagged
  m_Icon: {fileID: 0}
  m_NavMeshLayer: 0
  m_StaticEditorFlags: 0
  m_IsActive: 1
--- !u!4 &1740652196
Transform:
  m_ObjectHideFlags: 0
  m_CorrespondingSourceObject: {fileID: 0}
  m_PrefabInstance: {fileID: 0}
  m_PrefabAsset: {fileID: 0}
  m_GameObject: {fileID: 1740652195}
  m_LocalRotation: {x: 0, y: 0, z: 0, w: 1}
  m_LocalPosition: {x: 15.186371, y: 3.321539, z: -27.951773}
  m_LocalScale: {x: 1, y: 1, z: 1}
  m_Children:
  - {fileID: 972494724}
  - {fileID: 1570544784}
  - {fileID: 659971529}
  - {fileID: 1139343595}
  - {fileID: 826328507}
  - {fileID: 564655792}
  - {fileID: 270762584}
  - {fileID: 938284798}
  - {fileID: 1383151757}
  m_Father: {fileID: 0}
  m_RootOrder: 4
  m_LocalEulerAnglesHint: {x: 0, y: 0, z: 0}
--- !u!1001 &1915070741
PrefabInstance:
  m_ObjectHideFlags: 0
  serializedVersion: 2
  m_Modification:
    m_TransformParent: {fileID: 0}
    m_Modifications:
    - target: {fileID: 219869163752194673, guid: 3a5264b04411a9f478a5853ba06b2a72,
        type: 3}
      propertyPath: m_Size.x
      value: 4.53
      objectReference: {fileID: 0}
    - target: {fileID: 219869163752194673, guid: 3a5264b04411a9f478a5853ba06b2a72,
        type: 3}
      propertyPath: m_Size.z
      value: 5.28
      objectReference: {fileID: 0}
    - target: {fileID: 219869163752194673, guid: 3a5264b04411a9f478a5853ba06b2a72,
        type: 3}
      propertyPath: m_Size.y
      value: 3.76
      objectReference: {fileID: 0}
    - target: {fileID: 2475215113435066627, guid: 3a5264b04411a9f478a5853ba06b2a72,
        type: 3}
      propertyPath: sceneToLoad
      value: 0
      objectReference: {fileID: 0}
    - target: {fileID: 3469139308441700686, guid: 3a5264b04411a9f478a5853ba06b2a72,
        type: 3}
      propertyPath: m_Name
      value: Portal
      objectReference: {fileID: 0}
    - target: {fileID: 5959959321398957186, guid: 3a5264b04411a9f478a5853ba06b2a72,
        type: 3}
      propertyPath: m_LocalPosition.x
      value: 25.561745
      objectReference: {fileID: 0}
    - target: {fileID: 5959959321398957186, guid: 3a5264b04411a9f478a5853ba06b2a72,
        type: 3}
      propertyPath: m_LocalPosition.y
      value: 1.72
      objectReference: {fileID: 0}
    - target: {fileID: 5959959321398957186, guid: 3a5264b04411a9f478a5853ba06b2a72,
        type: 3}
      propertyPath: m_LocalPosition.z
      value: -32.42
      objectReference: {fileID: 0}
    - target: {fileID: 5959959321398957186, guid: 3a5264b04411a9f478a5853ba06b2a72,
        type: 3}
      propertyPath: m_LocalRotation.x
      value: 0
      objectReference: {fileID: 0}
    - target: {fileID: 5959959321398957186, guid: 3a5264b04411a9f478a5853ba06b2a72,
        type: 3}
      propertyPath: m_LocalRotation.y
      value: 0
      objectReference: {fileID: 0}
    - target: {fileID: 5959959321398957186, guid: 3a5264b04411a9f478a5853ba06b2a72,
        type: 3}
      propertyPath: m_LocalRotation.z
      value: 0
      objectReference: {fileID: 0}
    - target: {fileID: 5959959321398957186, guid: 3a5264b04411a9f478a5853ba06b2a72,
        type: 3}
      propertyPath: m_LocalRotation.w
      value: 1
      objectReference: {fileID: 0}
    - target: {fileID: 5959959321398957186, guid: 3a5264b04411a9f478a5853ba06b2a72,
        type: 3}
      propertyPath: m_RootOrder
      value: 3
      objectReference: {fileID: 0}
    - target: {fileID: 5959959321398957186, guid: 3a5264b04411a9f478a5853ba06b2a72,
        type: 3}
      propertyPath: m_LocalEulerAnglesHint.x
      value: 0
      objectReference: {fileID: 0}
    - target: {fileID: 5959959321398957186, guid: 3a5264b04411a9f478a5853ba06b2a72,
        type: 3}
      propertyPath: m_LocalEulerAnglesHint.y
      value: 0
      objectReference: {fileID: 0}
    - target: {fileID: 5959959321398957186, guid: 3a5264b04411a9f478a5853ba06b2a72,
        type: 3}
      propertyPath: m_LocalEulerAnglesHint.z
      value: 0
      objectReference: {fileID: 0}
    - target: {fileID: 7760682718803632764, guid: 3a5264b04411a9f478a5853ba06b2a72,
        type: 3}
      propertyPath: m_LocalPosition.x
      value: -3.2
      objectReference: {fileID: 0}
    - target: {fileID: 7760682718803632764, guid: 3a5264b04411a9f478a5853ba06b2a72,
        type: 3}
      propertyPath: m_LocalRotation.x
      value: -0
      objectReference: {fileID: 0}
    - target: {fileID: 7760682718803632764, guid: 3a5264b04411a9f478a5853ba06b2a72,
        type: 3}
      propertyPath: m_LocalRotation.y
      value: 0.6668377
      objectReference: {fileID: 0}
    - target: {fileID: 7760682718803632764, guid: 3a5264b04411a9f478a5853ba06b2a72,
        type: 3}
      propertyPath: m_LocalRotation.z
      value: -0
      objectReference: {fileID: 0}
    - target: {fileID: 7760682718803632764, guid: 3a5264b04411a9f478a5853ba06b2a72,
        type: 3}
      propertyPath: m_LocalRotation.w
      value: -0.745203
      objectReference: {fileID: 0}
    - target: {fileID: 7760682718803632764, guid: 3a5264b04411a9f478a5853ba06b2a72,
        type: 3}
      propertyPath: m_LocalEulerAnglesHint.y
      value: 276.353
      objectReference: {fileID: 0}
    m_RemovedComponents: []
  m_SourcePrefab: {fileID: 100100000, guid: 3a5264b04411a9f478a5853ba06b2a72, type: 3}
